
@inproceedings{mikolov2013distributed,
  title={Distributed representations of words and phrases and their compositionality},
  author={Mikolov, Tomas and Sutskever, Ilya and Chen, Kai and Corrado, Greg S and Dean, Jeff},
  booktitle={Advances in neural information processing systems},
  pages={3111--3119},
  year={2013}
}

@article{bartunov2015breaking,
  title={Breaking Sticks and Ambiguities with Adaptive Skip-gram},
  author={Bartunov, Sergey and Kondrashkin, Dmitry and Osokin, Anton and Vetrov, Dmitry},
  journal={arXiv preprint arXiv:1502.07257},
  year={2015}
}

@article{vilnis2014word,
  title={Word representations via Gaussian embedding},
  author={Vilnis, Luke and McCallum, Andrew},
  journal={arXiv preprint arXiv:1412.6623},
  year={2014}
}

@inproceedings{tian2014probabilistic,
  title={A probabilistic model for learning multi-prototype word embeddings},
  author={Tian, Fei and Dai, Hanjun and Bian, Jiang and Gao, Bin and Zhang, Rui and Chen, Enhong and Liu, Tie-Yan},
  booktitle={Proceedings of COLING},
  pages={151--160},
  year={2014}
}

@inproceedings{reisinger2010multi,
  title={Multi-prototype vector-space models of word meaning},
  author={Reisinger, Joseph and Mooney, Raymond J},
  booktitle={Human Language Technologies: The 2010 Annual Conference of the North American Chapter of the Association for Computational Linguistics},
  pages={109--117},
  year={2010},
  organization={Association for Computational Linguistics}
}

@inproceedings{qiu2014learning,
  title={Learning Word Representation Considering Proximity and Ambiguity},
  author={Qiu, Lin and Cao, Yong and Nie, Zaiqing and Rui, Yong},
  booktitle={Twenty-Eighth AAAI Conference on Artificial Intelligence},
  year={2014}
}

@article{xu2015show,
  title={Show, attend and tell: Neural image caption generation with visual attention},
  author={Xu, Kelvin and Ba, Jimmy and Kiros, Ryan and Courville, Aaron and Salakhutdinov, Ruslan and Zemel, Richard and Bengio, Yoshua},
  journal={arXiv preprint arXiv:1502.03044},
  year={2015}
}

@inproceedings{huang2013learning,
  title={Learning deep structured semantic models for web search using clickthrough data},
  author={Huang, Po-Sen and He, Xiaodong and Gao, Jianfeng and Deng, Li and Acero, Alex and Heck, Larry},
  booktitle={Proceedings of the 22nd ACM international conference on Conference on information \& knowledge management},
  pages={2333--2338},
  year={2013},
  organization={ACM}
}

@article{neelakantan2015efficient,
  title={Efficient non-parametric estimation of multiple embeddings per word in vector space},
  author={Neelakantan, Arvind and Shankar, Jeevan and Passos, Alexandre and McCallum, Andrew},
  journal={arXiv preprint arXiv:1504.06654},
  year={2015}
}

@inproceedings{huang2012improving,
  title={Improving word representations via global context and multiple word prototypes},
  author={Huang, Eric H and Socher, Richard and Manning, Christopher D and Ng, Andrew Y},
  booktitle={Proceedings of the 50th Annual Meeting of the Association for Computational Linguistics: Long Papers-Volume 1},
  pages={873--882},
  year={2012},
  organization={Association for Computational Linguistics}
}

@inproceedings{chen2014unified,
  title={A unified model for word sense representation and disambiguation},
  author={Chen, Xinxiong and Liu, Zhiyuan and Sun, Maosong},
  booktitle={Proceedings of the 2014 Conference on Empirical Methods in Natural Language Processing (EMNLP)},
  pages={1025--1035},
  year={2014}
}

@inproceedings{mnih2009scalable,
  title={A scalable hierarchical distributed language model},
  author={Mnih, Andriy and Hinton, Geoffrey E},
  booktitle={Advances in neural information processing systems},
  pages={1081--1088},
  year={2009}
}

@inproceedings{mikolov2013linguistic,
  title={Linguistic Regularities in Continuous Space Word Representations.},
  author={Mikolov, Tomas and Yih, Wen-tau and Zweig, Geoffrey},
  booktitle={HLT-NAACL},
  pages={746--751},
  year={2013}
}

@inproceedings{turian2010word,
  title={Word representations: a simple and general method for semi-supervised learning},
  author={Turian, Joseph and Ratinov, Lev and Bengio, Yoshua},
  booktitle={Proceedings of the 48th annual meeting of the association for computational linguistics},
  pages={384--394},
  year={2010},
  organization={Association for Computational Linguistics}
}

@inproceedings{HuangEtAl2012,
author = {Eric H. Huang and Richard Socher and Christopher D. Manning and Andrew Y. Ng},
title = {{Improving Word Representations via Global Context and Multiple Word Prototypes}},
booktitle = {Annual Meeting of the Association for Computational Linguistics (ACL)},
year = 2012
}

@article{mikolov2013efficient,
  title={Efficient estimation of word representations in vector space},
  author={Mikolov, Tomas and Chen, Kai and Corrado, Greg and Dean, Jeffrey},
  journal={arXiv preprint arXiv:1301.3781},
  year={2013}
}

@article{cote2015infinite,
  title={An Infinite Restricted Boltzmann Machine},
  author={C{\^o}t{\'e}, Marc-Alexandre and Larochelle, Hugo},
  journal={arXiv preprint arXiv:1502.02476},
  year={2015}
}

@article{mackay1992bayesian,
  title={Bayesian interpolation},
  author={MacKay, David JC},
  journal={Neural computation},
  volume={4},
  number={3},
  pages={415--447},
  year={1992},
  publisher={MIT Press}
}

@phdthesis{neal1995bayesian,
  title={Bayesian learning for neural networks},
  author={Neal, Radford M},
  year={1995},
  school={University of Toronto}
}

@article{tomczak2013prediction,
  title={Prediction of breast cancer recurrence using Classification Restricted Boltzmann Machine with Dropping},
  author={Tomczak, Jakub M},
  journal={arXiv preprint arXiv:1308.6324},
  year={2013}
}

@article{kuo1998variable,
  title={Variable selection for regression models},
  author={Kuo, Lynn and Mallick, Bani},
  journal={Sankhy{\=a}: The Indian Journal of Statistics, Series B},
  pages={65--81},
  year={1998},
  publisher={JSTOR}
}

@inproceedings{welling2011bayesian,
  title={Bayesian learning via stochastic gradient Langevin dynamics},
  author={Welling, Max and Teh, Yee W},
  booktitle={Proceedings of the 28th International Conference on Machine Learning (ICML-11)},
  pages={681--688},
  year={2011}
}

@article{mackay1994bayesian,
  title={Bayesian nonlinear modeling for the prediction competition},
  author={MacKay, David JC and others},
  journal={ASHRAE transactions},
  volume={100},
  number={2},
  pages={1053--1062},
  year={1994},
  publisher={Citeseer}
}

@article{tiao1964bayes,
  title={Bayes's theorem and the use of prior knowledge in regression analysis},
  author={Tiao, George C and Zellner, Arnold},
  journal={Biometrika},
  pages={219--230},
  year={1964},
  publisher={JSTOR}
}

@article{steel2000bayesian,
  title={Bayesian Regression Analysis With Scale Mixtures of Normals},
  author={Steel, Mark FJ and others},
  journal={Econometric Theory},
  volume={16},
  number={01},
  pages={80--101},
  year={2000},
  publisher={Cambridge University Press}
}

@article{andrews1974scale,
  title={Scale mixtures of normal distributions},
  author={Andrews, David F and Mallows, Colin L},
  journal={Journal of the Royal Statistical Society. Series B (Methodological)},
  pages={99--102},
  year={1974},
  publisher={JSTOR}
}

@article{mackay1992evidence,
  title={The evidence framework applied to classification networks},
  author={Mackay, David},
  journal={Neural computation},
  volume={4},
  number={5},
  pages={720--736},
  year={1992},
  publisher={MIT Press}
}

@book{murphy2012machine,
  title={Machine learning: a probabilistic perspective},
  author={Murphy, Kevin P},
  chapter={13},
  year={2012},
  publisher={MIT press}
}

@article{bishop1995training,
  title={Training with noise is equivalent to Tikhonov regularization},
  author={Bishop, Chris M},
  journal={Neural computation},
  volume={7},
  number={1},
  pages={108--116},
  year={1995},
  publisher={MIT Press}
}

@article{scott2010parameter,
  title={Parameter expansion in local-shrinkage models},
  author={Scott, James G},
  journal={arXiv preprint arXiv:1010.5265},
  year={2010}
}

@unpublished{hintonICLR,
title= {DredNets},
author = {Geoff Hinton},
year = {2013},
note= {International Conference on Learning Representations (ICLR)},
URL= {http://techtalks.tv/talks/drednets/58115/},
}

@inproceedings{bachman2014learning,
  title={Learning with pseudo-ensembles},
  author={Bachman, Phil and Alsharif, Ouais and Precup, Doina},
  booktitle={Advances in Neural Information Processing Systems},
  pages={3365--3373},
  year={2014}
}

@article{tipping2001sparse,
  title={Sparse Bayesian learning and the relevance vector machine},
  author={Tipping, Michael E},
  journal={The journal of machine learning research},
  volume={1},
  pages={211--244},
  year={2001},
  publisher={JMLR. org}
}

@article{mitchell1988bayesian,
  title={Bayesian variable selection in linear regression},
  author={Mitchell, Toby J and Beauchamp, John J},
  journal={Journal of the American Statistical Association},
  volume={83},
  number={404},
  pages={1023--1032},
  year={1988},
  publisher={Taylor \& Francis}
}

@article{george1993variable,
  title={Variable selection via Gibbs sampling},
  author={George, Edward I and McCulloch, Robert E},
  journal={Journal of the American Statistical Association},
  volume={88},
  number={423},
  pages={881--889},
  year={1993},
  publisher={Taylor \& Francis Group}
}

@phdthesis{srivastava2013improving,
  title={Improving neural networks with dropout},
  author={Srivastava, Nitish},
  year={2013},
  school={University of Toronto}
}

@article{scott2010parameter,
  title={Parameter expansion in local-shrinkage models},
  author={Scott, James G},
  journal={arXiv preprint arXiv:1010.5265},
  year={2010}
}

@article{hinton2012improving,
  title={Improving neural networks by preventing co-adaptation of feature detectors},
  author={Hinton, Geoffrey E and Srivastava, Nitish and Krizhevsky, Alex and Sutskever, Ilya and Salakhutdinov, Ruslan R},
  journal={arXiv preprint arXiv:1207.0580},
  year={2012}
}

@article{srivastava2014dropout,
  title={Dropout: A simple way to prevent neural networks from overfitting},
  author={Srivastava, Nitish and Hinton, Geoffrey and Krizhevsky, Alex and Sutskever, Ilya and Salakhutdinov, Ruslan},
  journal={The Journal of Machine Learning Research},
  volume={15},
  number={1},
  pages={1929--1958},
  year={2014},
  publisher={JMLR. org}
}

@incollection{denison2012bayesian,
  title={Bayesian prediction with adaptive ridge estimators},
  author={Denison, David GT and George, Edward I and others},
  booktitle={Contemporary Developments in Bayesian Analysis and Statistical Decision Theory: A Festschrift for William E. Strawderman},
  pages={215--234},
  year={2012},
  publisher={Institute of Mathematical Statistics}
}

@inproceedings{baldi2013understanding,
  title={Understanding dropout},
  author={Baldi, Pierre and Sadowski, Peter J},
  booktitle={Advances in Neural Information Processing Systems},
  pages={2814--2822},
  year={2013}
}

@article{fuquene2009case,
  title={A case for robust Bayesian priors with applications to clinical trials},
  author={F{\'u}quene, Jairo A and Cook, John D and Pericchi, Luis R and others},
  journal={Bayesian Analysis},
  volume={4},
  number={4},
  pages={817--846},
  year={2009},
  publisher={International Society for Bayesian Analysis}
}

@inproceedings{carvalho2009handling,
  title={Handling sparsity via the horseshoe},
  author={Carvalho, Carlos M and Polson, Nicholas G and Scott, James G},
  booktitle={International Conference on Artificial Intelligence and Statistics},
  pages={73--80},
  year={2009}
}

@techreport{pericchi2010limiting,
  title={Limiting the shrinkage for the exceptional by objective robust bayesian analysis},
  author={Pericchi, Luis R and P{\'e}rez, Maria-Egl{\'e}e},
  year={2010},
  institution={Technical Report Centro de Bioestadstica y Bioinformtica}
}

@article{cook2010asymptotic,
  title={Asymptotic results for normal-cauchy model},
  author={Cook, John D},
  year={2010},
  publisher={bepress}
}



@book{hastie01statisticallearning,
  added-at = {2008-05-16T16:17:42.000+0200},
  address = {New York, NY, USA},
  author = {Hastie, Trevor and Tibshirani, Robert and Friedman, Jerome},
  biburl = {http://www.bibsonomy.org/bibtex/2f58afc5c9793fcc8ad8389824e57984c/sb3000},
  interhash = {d585aea274f2b9b228fc1629bc273644},
  intrahash = {f58afc5c9793fcc8ad8389824e57984c},
  keywords = {ml statistics},
  publisher = {Springer New York Inc.},
  series = {Springer Series in Statistics},
  timestamp = {2008-05-16T16:17:42.000+0200},
  title = {The Elements of Statistical Learning},
  year = 2001
}

@article{gelman2008weakly,
  title={A weakly informative default prior distribution for logistic and other regression models},
  author={Gelman, Andrew and Jakulin, Aleks and Pittau, Maria Grazia and Su, Yu-Sung},
  journal={The Annals of Applied Statistics},
  pages={1360--1383},
  year={2008},
  publisher={JSTOR}
}

@article{cook2011skeptical,
  title={Skeptical and Optimistic Robust Priors for Clinical Trials},
  author={Cook, John and F{\'u}quene, Jairo and Pericchi, Luis},
  journal={N{\'u}mero especial en aplicaciones en la industria y estad{\i}stica industrial},
  volume={34},
  pages={333--345},
  year={2011}
}

@inproceedings{wager2014altitude,
  title={Altitude training: Strong bounds for single-layer dropout},
  author={Wager, Stefan and Fithian, William and Wang, Sida and Liang, Percy S},
  booktitle={Advances in Neural Information Processing Systems},
  pages={100--108},
  year={2014}
}

@techreport{polson2009alternative,
  title={Alternative Global--Local Shrinkage Priors Using Hypergeometric--Beta Mixtures},
  author={Polson, Nicholas G and Scott, James G},
  year={2009},
  institution={Technical report. University of Chicago. doi: 10.1. 1.161. 3592}
}

@article{carvalho2010horseshoe,
  title={The horseshoe estimator for sparse signals},
  author={Carvalho, Carlos M and Polson, Nicholas G and Scott, James G},
  journal={Biometrika},
  pages={asq017},
  year={2010},
  publisher={Biometrika Trust}
}

@article{Maeda14,
  author    = {Shin{-}ichi Maeda},
  title     = {A Bayesian encourages dropout},
  journal   = {CoRR},
  volume    = {abs/1412.7003},
  year      = {2014},
  url       = {http://arxiv.org/abs/1412.7003},
  timestamp = {Thu, 01 Jan 2015 19:51:08 +0100},
  biburl    = {http://dblp.uni-trier.de/rec/bib/journals/corr/Maeda14},
  bibsource = {dblp computer science bibliography, http://dblp.org}
}

@article{HelmboldL14,
  author    = {David P. Helmbold and
               Philip M. Long},
  title     = {On the Inductive Bias of Dropout},
  journal   = {CoRR},
  volume    = {abs/1412.4736},
  year      = {2014},
  url       = {http://arxiv.org/abs/1412.4736},
  timestamp = {Thu, 01 Jan 2015 19:51:08 +0100},
  biburl    = {http://dblp.uni-trier.de/rec/bib/journals/corr/HelmboldL14},
  bibsource = {dblp computer science bibliography, http://dblp.org}
}

@inproceedings{wager2013dropout,
  title={Dropout training as adaptive regularization},
  author={Wager, Stefan and Wang, Sida and Liang, Percy S},
  booktitle={Advances in Neural Information Processing Systems},
  pages={351--359},
  year={2013}
}

@inproceedings{graves2011practical,
  title={Practical variational inference for neural networks},
  author={Graves, Alex},
  booktitle={Advances in Neural Information Processing Systems},
  pages={2348--2356},
  year={2011}
}

@inproceedings{ba2014deep,
  title={Do Deep Nets Really Need to be Deep?},
  author={Ba, Jimmy and Caruana, Rich},
  booktitle={Advances in Neural Information Processing Systems},
  pages={2654--2662},
  year={2014}
}

@article{beale1959scale,
  title={Scale mixing of symmetric distributions with zero means},
  author={Beale, EML and Mallows, CL and others},
  journal={The Annals of Mathematical Statistics},
  volume={30},
  number={4},
  pages={1145--1151},
  year={1959},
  publisher={Institute of Mathematical Statistics}
}

@inproceedings{welling2011bayesian,
  title={Bayesian learning via stochastic gradient Langevin dynamics},
  author={Welling, Max and Teh, Yee W},
  booktitle={Proceedings of the 28th International Conference on Machine Learning (ICML-11)},
  pages={681--688},
  year={2011}
}

@inproceedings{hinton2014distilling,
  title={Distilling the knowledge in a neural network},
  author={Hinton, Geoffrey E and Vinyals, Oriol and Dean, Jeff},
  booktitle={NIPS 2014 Deep Learning Workshop},
  year={2014}
}

@article{hernandez2015probabilistic,
  title={Probabilistic Backpropagation for Scalable Learning of Bayesian Neural Networks},
  author={Hern{\'a}ndez-Lobato, Jos{\'e} Miguel and Adams, Ryan P},
  journal={arXiv preprint arXiv:1502.05336},
  year={2015}
}

@article{blundell2015weight,
  title={Weight Uncertainty in Neural Networks},
  author={Blundell, Charles and Cornebise, Julien and Kavukcuoglu, Koray and Wierstra, Daan},
  journal={arXiv preprint arXiv:1505.05424},
  year={2015}
}

@article{warde2013empirical,
  title={An empirical analysis of dropout in piecewise linear networks},
  author={Warde-Farley, David and Goodfellow, Ian J and Courville, Aaron and Bengio, Yoshua},
  journal={arXiv preprint arXiv:1312.6197},
  year={2013}
}

@misc{Lichman:2013 ,
author = "M. Lichman",
year = "2013",
title = "{UCI} Machine Learning Repository",
url = "http://archive.ics.uci.edu/ml",
institution = "University of California, Irvine, School of Information and Computer Sciences" }

@InProceedings{maas-EtAl:2011:ACL-HLT2011,
  author    = {Maas, Andrew L.  and  Daly, Raymond E.  and  Pham, Peter T.  and  Huang, Dan  and  Ng, Andrew Y.  and  Potts, Christopher},
  title     = {Learning Word Vectors for Sentiment Analysis},
  booktitle = {Proceedings of the 49th Annual Meeting of the Association for Computational Linguistics: Human Language Technologies},
  year      = {2011},
  pages     = {142--150}
}

@inproceedings{wang2013fast,
  title={Fast dropout training},
  author={Wang, Sida and Manning, Christopher},
  booktitle={Proceedings of the 30th International Conference on Machine Learning (ICML-13)},
  pages={118--126},
  year={2013}
}

@inproceedings{maaten2013learning,
  title={Learning with marginalized corrupted features},
  author={Maaten, Laurens and Chen, Minmin and Tyree, Stephen and Weinberger, Kilian Q},
  booktitle={Proceedings of the 30th International Conference on Machine Learning (ICML-13)},
  pages={410--418},
  year={2013}
}


@inproceedings{courville2011spike,
  title={A spike and slab restricted Boltzmann machine},
  author={Courville, Aaron C and Bergstra, James and Bengio, Yoshua},
  booktitle={International Conference on Artificial Intelligence and Statistics},
  pages={233--241},
  year={2011}
}



@article{hinton2006reducing,
  title={Reducing the dimensionality of data with neural networks},
  author={Hinton, Geoffrey E and Salakhutdinov, Ruslan R},
  journal={Science},
  volume={313},
  number={5786},
  pages={504--507},
  year={2006},
  publisher={American Association for the Advancement of Science}
}



@article{lecun1998gradient,
  title={Gradient-based learning applied to document recognition},
  author={LeCun, Yann and Bottou, L{\'e}on and Bengio, Yoshua and Haffner, Patrick},
  journal={Proceedings of the IEEE},
  volume={86},
  number={11},
  pages={2278--2324},
  year={1998},
  publisher={IEEE}
}

